 @article{one,
	author={P. Putz},
	journal={Robotics and Autonomous Systems},
	pages={3--16},
	title={Space robotics in Europe: A survey},
	volume={23},
	year={1998}
}

@article{two,
	author = {Evangelos Papadopoulos and Farhad Aghili and Ou Ma and Roberto Lampariello},
	journal = {Frontiers in Robotics and AI},
	title = {Robotic Manipulation and Capture in Robotic Manipulation and Capture in Space: A Survey},
	volume = {8},
	year = {2021}
}
	
@article{three,
	author = {Yang Gao and Steve Chien},
	journal = {Science Robotics},
	number = {7},
	title = {Review on Space Robotics: Towards Top-Level Science through Space Exploration},
	volume = {2},
	year = {2017}
}
	
@inproceedings{four,
	author = {Laryssa, Patten and Lindsay, Evans and Layi, Oshinowo and Marius, Ochisor and Nara, Kazuharu and Aris, Lodewijk and Ed, Tabarah},
	booktitle = {7th ESA Workshop on Advanced Space Technologies for Robotics and Automation},
	pages = {19--21},
	title = {International space station robotics: a comparative study of ERA, JEMRMS and MSS},
	year = {2002}
}
	
@article{five,
	author = {Sasiadek, JZ},
	journal = {Control Engineering Practice},
	number = {3},
	pages = {491--497},
	title = {Space robotics and manipulators---The past and the future},
	volume = {2},
	year = {1994}
}
	
@book{six,
	author = {From, P{\aa}l and Gravdahl, Jan and Pettersen, K.Y.},
	edition = {01},
	isbn = {978-1-4471-5462-4},
	publisher = {Springer},
	title = {Vehicle-Manipulator Systems: Modeling for Simulation, Analysis, and Control},
	year = {2014}
}
	
@inproceedings{seven,
	author = {Jorgensen, Glenn and Bains, Elizabeth},
	booktitle = {AIAA SPACE 2011 Conference \& Exposition},
	title = {SRMS history, evolution and lessons learned},
	year = {2011}
}
	
@inproceedings{eight,
	author = {Sato, Naoki},
	booktitle = {Proc. 6th Int. Symp. on Artificial Intelligence, Robotics and Automation in Space, Montreal, 2001},
	title = {JEMRMS design features and topics from testing},
	year = {2001}
}
	
@article{nine,
	author = {Legnani, Giovanni and Casolo, Federico and Righettini, Paolo and Zappa, Bruno},
	journal = {Mechanism and machine theory},
	number = {5},
	pages = {573--587},
	title = {A homogeneous matrix approach to 3D kinematics and dynamics---I. Theory},
	volume = {31},
	year = {1996}
}
	
@article{ten,
	author = {Legnani, Giovanni and Casalo, Federico and Righettini, Paolo and Zappa, Bruno},
	journal = {Mechanism and machine theory},
	number = {5},
	pages = {589--605},
	title = {A homogeneous matrix approach to 3D kinematics and dynamics---II. Applications to chains of rigid bodies and serial manipulators},
	volume = {31},
	year = {1996}
}
	
@book{eleven,
	address = {USA},
	author = {Lynch, Kevin M. and Park, Frank C.},
	edition = {1st},
	editor = {Cambridge University Press},
	isbn = {1107156300},
	publisher = {Cambridge University Press},
	title = {Modern Robotics: Mechanics, Planning, and Control},
	year = {2017}
}
	
@inproceedings{twelve,
	author = {Raina, Deepak and Shah, Suril V},
	booktitle = {Proceedings of the 2017 3rd International Conference on Advances in Robotics},
	pages = {1--6},
	title = {Impact modeling and estimation for multi-arm space robot while capturing tumbling orbiting objects},
	year = {2017}
}
	
@article{thirteen,
	author = {Cyril, Xavier and Jaar, Gilbert J and Misra, Arun K},
	journal = {Acta Astronautica},
	number = {2-3},
	pages = {167--174},
	title = {Dynamical modelling and control of a spacecraft-mounted manipulator capturing a spinning satellite},
	volume = {35},
	year = {1995}
}
	
@article{fourteen,
	author = {Xavier, Cyril and Sun-Wook, Kim and Michel, Ingham and Arun, Misra and Gilbert, Jaar},
	journal = {Acta Astronautica},
	number = {11},
	pages = {759--769},
	title = {Post-impact dynamics of two multi-body systems attempting docking/berthing},
	volume = {40},
	year = {1997}
}
	
@article{fifteen,
	author = {Chapnik, BV and Heppler, Glenn R and Aplevich, J Dwight and others},
	journal = {IEEE Transactions on Robotics and Automation},
	number = {4},
	pages = {479--488},
	title = {Modeling impact on a one-link flexible robotic arm},
	volume = {7},
	year = {1991}
}
	
@article{sixteen,
	author = {Liu, Shengping and Wu, Licheng and Lu, Zhen},
	journal = {Applied mathematics and computation},
	number = {2},
	pages = {1149--1159},
	title = {Impact dynamics and control of a flexible dual-arm space robot capturing an object},
	volume = {185},
	year = {2007}
}
	
@article{seventeen,
	author = {Theodore, Rex J and Ghosal, Ashitava},
	journal = {The International journal of robotics research},
	number = {2},
	pages = {91--111},
	title = {Comparison of the assumed modes and finite element models for flexible multilink manipulators},
	volume = {14},
	year = {1995}
}
	
@article{eighteen,
	author = {De Luca, Alessandro and Siciliano, Bruno},
	journal = {IEEE Transactions on systems, MAN, and cybernetics},
	number = {4},
	pages = {826--839},
	title = {Closed-form dynamic model of planar multilink lightweight robots},
	volume = {21},
	year = {1991}
}
	
@article{nineteen,
	author = {Aenlle, M and Juul, Martin and Brincker, Rune},
	journal = {Shock and Vibration},
	number = {1},
	title = {Modal mass and length of mode shapes in structural dynamics},
	year = {2020}
}
	
@inproceedings{twenty,
	author = {Aenlle L{\'o}pez, Manuel and Brincker, Rune},
	title = {BASIC CONCEPTS OF MODAL SCALING},
	year = {2019}
}
	
@article{twentyone,
	author = {Turnbull, HW},
	journal = {Proceedings of the Edinburgh Mathematical Society},
	number = {1},
	pages = {33-54},
	title = {A matrix form of Taylor's theorem},
	volume = {2},
	year = {1930}
}
	
@article{twentytwo,
	author = {Hillsley, Kenneth L and Yurkovich, Stephen},
	journal = {Dynamics and Control},
	number = {3},
	pages = {261--280},
	title = {Vibration control of a two-link flexible robot arm},
	volume = {3},
	year = {1993}
}
	
@article{twentythree,
	author = {Nenchev, Dragomir N and Yoshida, Kazuya},
	journal = {IEEE Transactions on Robotics and Automation},
	number = {3},
	pages = {548--557},
	title = {Impact analysis and post-impact motion control issues of a free-floating space robot subject to a force impulse},
	volume = {15},
	year = {1999}
}
	
@inproceedings{twentyfour,
	author={Aghili, Farhad},
	booktitle = {2009 IEEE international conference on robotics and automation},
	organization = {IEEE},
	pages = {3019--3024},
	title = {Optimal control of a space manipulator for detumbling of a target satellite},
	year = {2009}
}
	
@article{twentyfive,
	author = {Kayastha, Sharmila and Katupitiya, Jayantha and Pearce, Garth and Rao, Asha},
	journal = {European Journal of Control},
	title = {Comparative study of post-impact motion control of a flexible arm space robot},
	volume = {69},
	year = {2023}
}
	
@inproceedings{twentysix,
	author = {De Luca, Alessandro and Oriolo, Giuseppe and Giordano, Paolo Robuffo},
	booktitle = {Proceedings 2006 IEEE International Conference on Robotics and Automation, 2006. ICRA 2006.},
	pages = {1867--1873},
	title = {Kinematic modeling and redundancy resolution for nonholonomic mobile manipulators},
	year = {2006}
}

@book{twentyseven,
  title={Sapiens: A Brief History of Humankind},
  author={Harari, Y.N.},
  isbn={9780062316103},
  lccn={2014028418},
  url={https://books.google.it/books?id=FmyBAwAAQBAJ},
  year={2015},
  publisher={HarperCollins}
}

@article{twentyeight,
  title={Post-capture vibration suppression of spacecraft via a bio-inspired isolation system},
  author={Dai, Honghua and Jing, Xingjian and Wang, Yu and Yue, Xiaokui and Yuan, Jianping},
  journal={Mechanical Systems and Signal Processing},
  volume={105},
  pages={214--240},
  year={2018},
  publisher={Elsevier}
}

@article{twentynine,
  title={Vibration suppression for post-capture spacecraft via a novel bio-inspired Stewart isolation system},
  author={Wang, Xin and Yue, Xiaokui and Dai, Honghua and Yuan, Jianping},
  journal={Acta Astronautica},
  volume={168},
  pages={1--22},
  year={2020},
  publisher={Elsevier}
}

@misc{esa,
  title        = {European Robotic Arm (ERA)},
  author       = {ESA},
  year         = {1999},
  note         = {\url{https://www.esa.int/esearch?q=era} [Access: 04/03/2025)]}
}

@misc{nasa,
  title        = {The International Space Stationâ€™s fine-tuned robotic hand},
  author       = {NASA},
  year         = {2022},
  note         = {\url{https://www.nasa.gov/image-article/international-space-stations-fine-tuned-robotic-hand/} [Access: 04/03/2025)]}
}

@misc{sheet,
  author       = {MD Robotics},
  title        = {Mobile Servicing System Data Sheet},
  year         = {2002},
  howpublished = {\url{http://www.mdrobotics.ca}},
  note         = {Accessed: 2025-03-04}
}