@misc{esa,
  title        = {European Robotic Arm (ERA)},
  author       = {ESA},
  year         = {1999},
  note         = {\url{https://www.eoportal.org/satellite-missions/iss-era} [Access: 11/03/2025)]}
}

@misc{mss_wiki,
  title        = {Mobile Servicing System},
  note         = {\url{https://it.wikipedia.org/wiki/Mobile_Servicing_System} [Access: 11/03/2025)]}
}

@misc{era,
  title        = {European Robotic Arm (ERA)},
  author       = {ESA},
  year         = {1999},
  note         = {\url{https://www.esa.int/esearch?q=era} [Access: 04/03/2025)]}
}

@inproceedings{comparison,
	author = {Laryssa, Patten and Lindsay, Evans and Layi, Oshinowo and Marius, Ochisor and Nara, Kazuharu and Aris, Lodewijk and Ed, Tabarah},
	booktitle = {7th ESA Workshop on Advanced Space Technologies for Robotics and Automation},
	pages = {19--21},
	title = {International space station robotics: a comparative study of ERA, JEMRMS and MSS},
	year = {2002}
}

@article{hma1,
	author = {Legnani, Giovanni and Casolo, Federico and Righettini, Paolo and Zappa, Bruno},
	journal = {Mechanism and machine theory},
	number = {5},
	pages = {573--587},
	title = {A homogeneous matrix approach to 3D kinematics and dynamics---I. Theory},
	volume = {31},
	year = {1996}
}

@article{hma2,
	author = {Legnani, Giovanni and Casalo, Federico and Righettini, Paolo and Zappa, Bruno},
	journal = {Mechanism and machine theory},
	number = {5},
	pages = {589--605},
	title = {A homogeneous matrix approach to 3D kinematics and dynamics---II. Applications to chains of rigid bodies and serial manipulators},
	volume = {31},
	year = {1996}
}

@article{1997,
	author = {Xavier, Cyril and Sun-Wook, Kim and Michel, Ingham and Arun, Misra and Gilbert, Jaar},
	journal = {Acta Astronautica},
	number = {11},
	pages = {759--769},
	title = {Post-impact dynamics of two multi-body systems attempting docking/berthing},
	volume = {40},
	year = {1997}
}

@article{elasticity,
	author = {Theodore, Rex J and Ghosal, Ashitava},
	journal = {The International journal of robotics research},
	number = {2},
	pages = {91--111},
	title = {Comparison of the assumed modes and finite element models for flexible multilink manipulators},
	volume = {14},
	year = {1995}
}